<record><leader>00000cas a22000007a 4500</leader><controlfield tag="001">57340583</controlfield><controlfield tag="008">041228c19999999tnuwr ne      0   a0eng c</controlfield><datafield ind1=" " ind2=" " tag="010"><subfield code="a">  2004216391</subfield></datafield><datafield ind1=" " ind2=" " tag="040"><subfield code="a">NSD</subfield><subfield code="b">eng</subfield><subfield code="c">NSD</subfield><subfield code="d">OCLCQ</subfield></datafield><datafield ind1=" " ind2=" " tag="012"><subfield code="l">1</subfield></datafield><datafield ind1="1" ind2=" " tag="022"><subfield code="a">1554-0383</subfield><subfield code="l">1554-0383</subfield><subfield code="2">1</subfield></datafield><datafield ind1="1" ind2=" " tag="029"><subfield code="a">AU@</subfield><subfield code="b">000026492932</subfield></datafield><datafield ind1="1" ind2=" " tag="029"><subfield code="a">NZ1</subfield><subfield code="b">16076366</subfield></datafield><datafield ind1=" " ind2=" " tag="037"><subfield code="b">Mundo Hispano TN, POB 30881, Knoxville, TN 37930</subfield></datafield><datafield ind1="0" ind2=" " tag="041"><subfield code="a">eng</subfield><subfield code="a">spa</subfield></datafield><datafield ind1=" " ind2=" " tag="042"><subfield code="a">nsdp</subfield><subfield code="a">pcc</subfield></datafield><datafield ind1="1" ind2="0" tag="050"><subfield code="a">ISSN RECORD</subfield></datafield><datafield ind1=" " ind2="0" tag="222"><subfield code="a">Mundo hispano TN</subfield></datafield><datafield ind1="0" ind2="0" tag="245"><subfield code="a">Mundo hispano TN =</subfield><subfield code="b">Hispanic world.</subfield></datafield><datafield ind1="3" ind2="1" tag="246"><subfield code="a">Hispanic world</subfield></datafield><datafield ind1="3" ind2=" " tag="246"><subfield code="a">Mundo hispano Tennessee</subfield></datafield><datafield ind1=" " ind2=" " tag="260"><subfield code="a">Knoxville, TN :</subfield><subfield code="b">C. Nicho.</subfield></datafield><datafield ind1=" " ind2=" " tag="300"><subfield code="a">v.</subfield></datafield><datafield ind1=" " ind2=" " tag="310"><subfield code="a">Weekly</subfield></datafield><datafield ind1="1" ind2=" " tag="362"><subfield code="a">Began in 1999.</subfield></datafield><datafield ind1=" " ind2=" " tag="546"><subfield code="a">English and Spanish.</subfield></datafield><datafield ind1=" " ind2=" " tag="588"><subfield code="a">Description based on: Sept. 9, 2004; title from caption.</subfield></datafield><datafield ind1="1" ind2=" " tag="700"><subfield code="a">Nicho, Carlos.</subfield></datafield><datafield ind1=" " ind2=" " tag="752"><subfield code="a">United States</subfield><subfield code="b">Tennessee</subfield><subfield code="c">Knoxville.</subfield></datafield></record>